<?xml version="1.0" encoding="UTF-8"?><collection xmlns="http://www.loc.gov/MARC21/slim"><record><leader>00397nam--2200133-i-4500</leader><controlfield tag="001">000003537</controlfield><controlfield tag="002">20161230</controlfield><controlfield tag="005">20161230201025</controlfield><controlfield tag="008">060222s1000------------r-----000-0-eng-d</controlfield><datafield ind1=" " ind2=" " tag="080"><subfield code="a">621.396.67:621.396.27</subfield></datafield><datafield ind1=" " ind2=" " tag="100"><subfield code="a">Aizenberg, G.Z</subfield></datafield><datafield ind1=" " ind2=" " tag="245"><subfield code="a">Antene pentru retelele principale de radio- comunicatii pe unde scurte.traducere din limba rusa</subfield></datafield><datafield ind1=" " ind2=" " tag="260"><subfield code="a">Bucuresti, I.D.T. 314 P.+ 2 F</subfield></datafield><datafield ind1=" " ind2=" " tag="852"><subfield code="a">1004</subfield></datafield></record></collection>